% This file was created with JabRef 2.8.1.
% Encoding: Cp1252

@ARTICLE{Al-Osh1991,
  author = {Al-Osh, MA and Alzaid, AA},
  title = {Binomial autoregressive moving average models},
  journal = {Stochastic Models},
  year = {1991},
  volume = {7},
  pages = {261--282},
  number = {2},
  owner = {alexios},
  publisher = {Taylor \& Francis},
  timestamp = {2013.07.23}
}

@ARTICLE{Amemiya1981,
  author = {Amemiya, Takeshi},
  title = {Qualitative Response Models: A Survey},
  journal = {Journal of Economic Literature},
  year = {1981},
  volume = {19},
  pages = {1483--1536},
  number = {4},
  owner = {alexios},
  publisher = {JSTOR},
  timestamp = {2013.07.22}
}

@ARTICLE{Anatolyev2010,
  author = {Anatolyev, Stanislav and Gospodinov, Nikolay},
  title = {Modeling financial return dynamics via decomposition},
  journal = {Journal of Business \& Economic Statistics},
  year = {2010},
  volume = {28},
  pages = {232--245},
  number = {2},
  owner = {alexios},
  publisher = {Taylor \& Francis},
  timestamp = {2013.07.22}
}

@ARTICLE{Christoffersen2006,
  author = {Christoffersen, Peter F and Diebold, Francis X},
  title = {Financial asset returns, direction-of-change forecasting, and volatility
	dynamics},
  journal = {Management Science},
  year = {2006},
  volume = {52},
  pages = {1273--1287},
  number = {8},
  owner = {alexios},
  publisher = {INFORMS},
  timestamp = {2013.07.22}
}

@BOOK{Finney1971,
  title = {Probit Analysis},
  publisher = {Cambridge University Press},
  year = {1971},
  author = {Finney, David John},
  owner = {alexios},
  timestamp = {2013.07.22}
}

@ARTICLE{Firth1993,
  author = {Firth, David},
  title = {Bias reduction of maximum likelihood estimates},
  journal = {Biometrika},
  year = {1993},
  volume = {80},
  pages = {27--38},
  number = {1},
  owner = {alexios},
  publisher = {Biometrika Trust},
  timestamp = {2013.07.19}
}

@ARTICLE{harding2011econometric,
  author = {Harding, Don and Pagan, Adrian},
  title = {An econometric analysis of some models for constructed binary time
	series},
  journal = {Journal of Business \& Economic Statistics},
  year = {2011},
  volume = {29},
  pages = {86--95},
  number = {1},
  owner = {alexios},
  publisher = {Taylor \& Francis},
  timestamp = {2013.07.19}
}

@MANUAL{Heinze2013,
  title = {logistf: An R package for Firth-type bias-reduced logistic regression},
  author = {Heinze, Georg and Ploner, Meinhard},
  year = {2013},
  note = {R package version 1.21},
  owner = {alexios},
  timestamp = {2013.07.22}
}

@ARTICLE{Heinze2002,
  author = {Heinze, Georg and Schemper, Michael},
  title = {A solution to the problem of separation in logistic regression},
  journal = {Statistics in medicine},
  year = {2002},
  volume = {21},
  pages = {2409--2419},
  number = {16},
  owner = {alexios},
  publisher = {Wiley Online Library},
  timestamp = {2013.07.19}
}

@ARTICLE{Jong2011,
  author = {de Jong, Robert M and Woutersen, Tiemen},
  title = {Dynamic time series binary choice},
  journal = {Econometric Theory},
  year = {2011},
  volume = {27},
  pages = {673--702},
  number = {04},
  owner = {alexios},
  publisher = {Cambridge Univ Press},
  timestamp = {2013.07.19}
}

@ARTICLE{Kauppi2008,
  author = {Kauppi, Heikki and Saikkonen, Pentti},
  title = {Predicting US recessions with dynamic binary response models},
  journal = {The Review of Economics and Statistics},
  year = {2008},
  volume = {90},
  pages = {777--791},
  number = {4},
  owner = {alexios},
  publisher = {MIT Press},
  timestamp = {2013.07.19}
}

@INPROCEEDINGS{Keele2006,
  author = {Keele, Luke and Park, David K},
  title = {Difficult choices: an evaluation of heterogeneous choice models},
  booktitle = {Paper for the 2004 Meeting of the American Political Science Association},
  year = {2006},
  pages = {2--5},
  owner = {alexios},
  timestamp = {2013.07.22}
}

@ARTICLE{Nagler1994,
  author = {Nagler, Jonathan},
  title = {Scobit: An Alternative Estimator to Logit and Probit},
  journal = {American Journal of Political Science},
  year = {1994},
  volume = {38},
  pages = {230--255},
  number = {1},
  owner = {alexios},
  timestamp = {2013.07.19}
}

@ARTICLE{Nyberg2013,
  author = {Nyberg,Henri},
  title = {A bivariate autoregressive probit model: Business cycle linkages
	and transmission of recession probabilities},
  journal = {Macroeconomic Dynamics},
  year = {2013},
  volume = {FirstView},
  pages = {1--25},
  month = {7},
  doi = {10.1017/S1365100512000636},
  issn = {1469-8056},
  numpages = {25},
  owner = {alexios},
  timestamp = {2013.07.19},
  url = {http://journals.cambridge.org/article_S1365100512000636}
}

@ARTICLE{Nyberg2011,
  author = {Nyberg, Henri},
  title = {Forecasting the direction of the US stock market with dynamic binary
	probit models},
  journal = {International Journal of Forecasting},
  year = {2011},
  volume = {27},
  pages = {561--578},
  number = {2},
  owner = {alexios},
  publisher = {Elsevier},
  timestamp = {2013.07.19}
}

@ARTICLE{Nyberg2010,
  author = {Nyberg, Henri},
  title = {Dynamic probit models and financial variables in recession forecasting},
  journal = {Journal of Forecasting},
  year = {2010},
  volume = {29},
  pages = {215--230},
  number = {1-2},
  owner = {alexios},
  publisher = {Wiley Online Library},
  timestamp = {2013.07.19}
}

@ARTICLE{Nyberg2010a,
  author = {Nyberg, Henri},
  title = {Testing an autoregressive structure in binary time series models},
  journal = {Economics Bulletin},
  year = {2010},
  volume = {30},
  pages = {1460--1473},
  number = {2},
  owner = {alexios},
  publisher = {AccessEcon},
  timestamp = {2013.07.19}
}

@ARTICLE{Pearson1900,
  author = {Pearson, Karl},
  title = {Mathematical contributions to the theory of evolution. VII. On the
	correlation of characters not quantitatively measurable},
  journal = {Philosophical Transactions of the Royal Society of London. Series
	A, Containing Papers of a Mathematical or Physical Character},
  year = {1900},
  volume = {195},
  pages = {1--405},
  owner = {alexios},
  publisher = {JSTOR},
  timestamp = {2013.07.23}
}

@ARTICLE{Rydberg2003,
  author = {Rydberg, Tina Hviid and Shephard, Neil},
  title = {Dynamics of trade-by-trade price movements: decomposition and models},
  journal = {Journal of Financial Econometrics},
  year = {2003},
  volume = {1},
  pages = {2--25},
  number = {1},
  owner = {alexios},
  publisher = {Oxford Univ Press},
  timestamp = {2013.07.23}
}

@ARTICLE{Startz2008,
  author = {Startz, Richard},
  title = {Binomial Autoregressive Moving Average Models With an Application
	to US Recessions},
  journal = {Journal of Business \& Economic Statistics},
  year = {2008},
  volume = {26},
  pages = {1--8},
  owner = {alexios},
  publisher = {American Statistical Association},
  timestamp = {2013.07.23}
}

@MANUAL{Zeileis2011a,
  title = {glmx: Generalized Linear Models Extended},
  author = {Zeileis, A. and Koenker, R. and Doebler, P.},
  year = {2011},
  note = {R package version 0.0-4},
  owner = {alexios},
  timestamp = {2013.07.22}
}

@MANUAL{Zeileis2011,
  title = {glogis: Fitting and Testing Generalized Logistic Distributions},
  author = {Zeileis, A. and Windberger, T.},
  year = {2011},
  note = {R package version 0.1-0},
  owner = {alexios},
  timestamp = {2013.07.22}
}

@ARTICLE{Zorn2005,
  author = {Zorn, Christopher},
  title = {A solution to separation in binary response models},
  journal = {Political Analysis},
  year = {2005},
  volume = {13},
  pages = {157--170},
  number = {2},
  owner = {alexios},
  publisher = {SPM-PMSAPSA},
  timestamp = {2013.07.19}
}

@comment{jabref-meta: selector_review:}

@comment{jabref-meta: selector_publisher:}

@comment{jabref-meta: selector_author:}

@comment{jabref-meta: selector_journal:}

@comment{jabref-meta: selector_keywords:}

